
@thesis{almada:2011artes,
  title = {Das artes da pena e do pincel: caligrafia e pintura em manuscritos no século XVIII},
  shorttitle = {Das artes da pena e do pincel},
  author = {Almada, Marcia},
  date = {2011-07-15},
  institution = {{Universidade Federal de Minas Gerais}},
  location = {{Belo Horizonte}},
  url = {http://hdl.handle.net/1843/EJAO-8JXLA7},
  urldate = {2013-10-23},
  keywords = {Brasil História Séc. XVIII,Caligrafia,Caligrafia Séc. XVIII Teses.,Estética Séc. XVIII Teses.,História Teses.,Iconografia,Manuscritos,Manuscritos Séc. XVIII Teses.,Pintura,Pintura Sec. XVIII Teses.},
  langid = {Português},
  type = {Tese de Doutorado}
}

@online{almanaqueurupes:2013arquiteto,
  title = {Arquiteto Lança Livro “{{Conhecendo Taubaté}}, Uma Análise Urbana”},
  author = {{Almanaque Urupês}},
  date = {2013-09-09},
  journaltitle = {Almanaque Taubaté},
  url = {http://www.almanaqueurupes.com.br/portal/noticias/arquiteto-lanca-livro-conhecendo-taubate-uma-analise-urbana/},
  urldate = {2017-03-13}
}
% == BibLateX quality report for almanaqueurupes:2013arquiteto:
% Unexpected field 'journaltitle'

@article{araujo:2014desmistificandoIX,
  title = {Desmistificando Almeida Júnior: a modernidade do caipira},
  shorttitle = {Desmistificando Almeida Júnior},
  author = {de Araújo, Raquel Aguilar},
  year = {jan.–jun. 2014},
  journaltitle = {Dezenove \& Vinte},
  volume = {IX},
  url = {http://www.dezenovevinte.net/artistas/artistas_aj_raa.htm},
  urldate = {2017-03-13},
  langid = {brazil},
  number = {1}
}

@article{barata:1996alguns4,
  title = {Alguns Fatos e Hipóteses Em Torno Do Panorama Do {{Rio}} de {{Janeiro}} ({{Paris}} 1824) e Suas Atribuições Básicas a {{A}}. {{F}}. {{E}}. {{Taunay}} e a {{L}}. {{S}}. {{Meunié}}},
  author = {Barata, Mário},
  date = {1996},
  journaltitle = {Anais do Museu Paulista: História e Cultura Material},
  volume = {4},
  pages = {0--0},
  issn = {0101-4714},
  doi = {10.1590/S0101-47141996000100022},
  langid = {english},
  number = {1}
}

@book{bernd:1992literatura,
  title = {Literatura e identidade nacional},
  author = {Bernd, Zilá},
  date = {1992},
  publisher = {{Editora da UFRGS}},
  location = {{Porto Alegre}},
  langid = {portuguese}
}

@incollection{bosi:2011cultura,
  title = {Cultura},
  booktitle = {História Do {{Brasil}} Nação: 1808-2010},
  author = {Bosi, Alfredo},
  editor = {de Carvalho, José Murilo},
  date = {2011},
  pages = {225--279},
  publisher = {{Objetiva : Fundación Mapfre}},
  location = {{Rio de Janeiro : Madrid}},
  editorb = {Schwarcz, Lilia Moritz},
  editorbtype = {redactor},
  isbn = {978-85-390-0275-7 978-84-9844-310-3 978-85-390-0319-8 978-85-390-0386-0 978-85-390-0472-0 978-84-9844-433-9 978-85-390-0553-6 978-85-390-0423-2},
  keywords = {Brazil,History}
}
% == BibLateX quality report for bosi:2011cultura:
% 'isbn': not a valid ISBN

@article{botelho:2011pequena23,
  title = {A Pequena história da literatura Brasileira: provocação ao modernismo},
  shorttitle = {Provocação ao modernismo},
  author = {Botelho, André},
  date = {2011-11},
  journaltitle = {Tempo Social},
  volume = {23},
  pages = {135--161},
  issn = {0103-2070},
  doi = {10.1590/S0103-20702011000200006},
  langid = {portuguese},
  number = {2}
}

@book{braga:1909historia1,
  title = {[{{Recapitulação}} Da] {{Historia}} Da Litteratura Portugueza},
  shorttitle = {Historia Da Litteratura Portugueza},
  author = {Braga, Teófilo},
  date = {1909},
  edition = {2},
  volume = {1},
  publisher = {{Chardron}},
  location = {{Porto}},
  editora = {dos Remédios, Mendes and Brandão, Mário and Cruz, Lígia},
  editoratype = {collaborator},
  keywords = {história,Idade Média,Literatura portuguesa},
  number = {1},
  series = {Obras Completas}
}

@article{brandao:2012olhares7,
  title = {Olhares oitocentistas para a arte barroca e rococó},
  author = {Brandão, Angela},
  year = {jan.–mar. 2012},
  journaltitle = {Dezenove \& Vinte},
  volume = {7},
  url = {http://www.dezenovevinte.net/criticas/mg_viagem.htm},
  urldate = {2014-01-10},
  keywords = {Arte colonial,Barroco,Brasil colônia,História da Arte,Iconografia,Rococó},
  langid = {portuguese},
  number = {1}
}

@article{brazesilva:2012planejamento13,
  title = {Planejamento e Fundação Da Primeira Cidade No {{Brasil Império}}},
  author = {Braz e Silva, Angela Martins Napoleão},
  date = {2012},
  journaltitle = {Cadernos Proarq},
  volume = {13},
  pages = {215--236},
  url = {http://cadernos.proarq.fau.ufrj.br/en/paginas/edicao/18},
  number = {18}
}

@article{bueno:2005tecido13,
  title = {Tecido urbano e mercado imobiliário em São Paulo: metodologia de estudo com base na Décima Urbana de 1809},
  shorttitle = {Tecido urbano e mercado imobiliário em São Paulo},
  author = {Bueno, Beatriz Piccolotto Siqueira},
  date = {2005-06},
  journaltitle = {Anais do Museu Paulista: História e Cultura Material},
  volume = {13},
  pages = {59--97},
  issn = {0101-4714},
  doi = {10.1590/S0101-47142005000100003},
  keywords = {1809,Brasil colônia,Cadastro,Décima urbana,Mercado imobiliário,Morfologia urbana,Rentismo,São Paulo,Tecido urbano},
  langid = {portuguese},
  number = {1}
}

@book{campofiorito:1983historia,
  title = {História da pintura brasileira no século XIX},
  author = {Campofiorito, Quirino},
  date = {1983},
  publisher = {{Pinakotheke}},
  location = {{[Rio de Janeiro]}},
  langid = {portuguese}
}

@mvbook{candido:2000formacao,
  title = {Formação da literatura brasileira},
  author = {Candido, Antonio},
  date = {2000},
  edition = {9},
  publisher = {{Itatiaia}},
  location = {{Belo Horizonte}},
  url = {http://archive.org/details/candido-antonio-formacao-da-literatura-brasileira-vol-1-e-2pdf_201912},
  urldate = {2020-01-02},
  keywords = {cacd},
  langid = {portuguese},
  series = {[1975]},
  volumes = {2}
}

@book{carvalho:1937pequena,
  title = {Pequena história da literatura brasileira; prefácio de Medeiros e Albuquerque. Premio Academia.},
  author = {de Carvalho, Ronald},
  date = {1937},
  edition = {6 ed. revista},
  publisher = {{Briguiet}},
  location = {{Rio de Janeiro}},
  url = {http://digital.bbm.usp.br/handle/bbm/4366},
  urldate = {2020-01-02},
  langid = {Português}
}

@article{carvalho:2008paisagemIII,
  title = {A Paisagem em Pedro Weingärtner (1853–1929): algumas hipóteses de trabalho},
  shorttitle = {A Paisagem em Pedro Weingärtner},
  author = {de Carvalho, Ana Maria Albani},
  date = {2008-07},
  journaltitle = {Dezenove \& Vinte},
  volume = {III},
  url = {http://www.dezenovevinte.net/artistas/pw_amac_paisagem.htm},
  urldate = {2017-03-13},
  langid = {brazil},
  number = {3}
}

@collection{carvalho:2011historia,
  title = {História do Brasil nação: 1808-2010},
  shorttitle = {História do Brasil nação},
  editor = {de Carvalho, José Murilo},
  date = {2011},
  publisher = {{Objetiva : Fundación Mapfre}},
  location = {{Rio de Janeiro : Madrid}},
  isbn = {978-85-390-0275-7 978-84-9844-310-3 978-85-390-0319-8 978-85-390-0386-0 978-85-390-0472-0 978-84-9844-433-9 978-85-390-0553-6 978-85-390-0423-2},
  keywords = {Brazil,History},
  langid = {portuguese},
  volumes = {6}
}
% == BibLateX quality report for carvalho:2011historia:
% 'isbn': not a valid ISBN

@article{coli:2013fabrique,
  title = {Fabrique et promotion de la brésilianité : art et enjeux nationaux},
  shorttitle = {Fabrique et promotion de la brésilianité},
  author = {Coli, Jorge},
  date = {2013-12-31},
  journaltitle = {Perspective. Actualité en histoire de l’art},
  pages = {213--223},
  issn = {1777-7852},
  doi = {10.4000/perspective.3865},
  langid = {french},
  number = {2}
}
% == BibLateX quality report for coli:2013fabrique:
% ? Possibly abbreviated journal title Perspective. Actualité en histoire de l’art

@incollection{costa:2007aleijadinho,
  title = {O {{Aleijadinho}} e a Arquitetura Tradicional},
  booktitle = {Sôbre Arquitetura},
  author = {Costa, Lucio},
  date = {2007},
  pages = {12--16},
  publisher = {{Editora UniRitter}},
  location = {{Porto Alegre}}
}
% == BibLateX quality report for costa:2007aleijadinho:
% Missing required field 'editor'

@incollection{costa:2007documentacao,
  title = {Documentação necessária},
  booktitle = {Sôbre arquitetura},
  author = {Costa, Lucio},
  date = {2007},
  pages = {86--94},
  publisher = {{Editora UniRitter}},
  location = {{Porto Alegre}},
  keywords = {Arquitetura moderna,Arquitetura neocolonial,Brasil arquitetura século XX,Lucio Costa,Teleologia},
  langid = {portuguese}
}
% == BibLateX quality report for costa:2007documentacao:
% Missing required field 'editor'

@incollection{costa:2007razoes,
  title = {Razões Da Nova Arquitetura},
  booktitle = {Sôbre Arquitetura},
  author = {Costa, Lucio},
  date = {2007},
  pages = {17--41},
  publisher = {{Editora UniRitter}},
  location = {{Porto Alegre}}
}
% == BibLateX quality report for costa:2007razoes:
% Missing required field 'editor'

@book{costa:2007sobre,
  ids = {costa:2007arquitetura},
  title = {Lúcio Costa: sôbre arquitetura},
  shorttitle = {Sôbre arquitetura},
  author = {Costa, Lúcio},
  editor = {Xavier, Alberto},
  date = {2007},
  edition = {2},
  publisher = {{UniRitter}},
  location = {{Porto Alegre}},
  isbn = {85-60100-08-3 978-85-60100-08-8},
  keywords = {Arquitetura moderna,Arquitetura neocolonial,Brasil arquitetura século XX,Lucio Costa,Teleologia},
  langid = {portuguese}
}
% == BibLateX quality report for costa:2007sobre:
% 'isbn': not a valid ISBN

@article{dabbs:2002characterising65,
  title = {Characterising the {{Passions}}: {{Michel Anguier}}'s {{Challenge}} to {{Le Brun}}'s {{Theory}} of {{Expression}}},
  shorttitle = {Characterising the {{Passions}}},
  author = {Dabbs, Julia K.},
  date = {2002},
  journaltitle = {Journal of the Warburg and Courtauld Institutes},
  volume = {65},
  pages = {273--296},
  issn = {0075-4390},
  doi = {10.2307/4135112}
}
% == BibLateX quality report for dabbs:2002characterising65:
% ? Title looks like it was stored in title-case in Zotero

@article{dallemand:1996urban15,
  title = {Urban {{Literary Production}} and {{Latin American Criticism}}},
  author = {D'Allemand, Patricia},
  date = {1996},
  journaltitle = {Bulletin of Latin American Research},
  volume = {15},
  pages = {359--369},
  issn = {0261-3050},
  url = {https://www.jstor.org/stable/3339374},
  urldate = {2019-12-28},
  number = {3}
}
% == BibLateX quality report for dallemand:1996urban15:
% ? Title looks like it was stored in title-case in Zotero

@article{davies:2012depictions55,
  title = {Depictions of {{Brazilians}} on {{French}} Maps, 1542–1555},
  author = {Davies, Surekha},
  date = {2012-06-01},
  journaltitle = {The Historical Journal},
  shortjournal = {The Historical Journal},
  volume = {55},
  pages = {317--348},
  issn = {0018-246X},
  doi = {10.2307/23263340},
  eprint = {23263340},
  eprinttype = {jstor},
  number = {2}
}

@mvbook{debret:1834voyage,
  title = {Voyage pittoresque et historique au Brésil: ou, Séjour d'un Artiste Français au Brésil, depuis 1816 jusqu'en 1831 inclusivement, époques de l'Avenement et de l'Abdication de S. M. D. Pedro Ier, fondateur de l'Empire brésilien},
  shorttitle = {Voyage pittoresque et historique au Brésil},
  author = {Debret, Jean Baptiste},
  date = {1834/1839},
  publisher = {{Firmin-Didot frères}},
  location = {{Paris}},
  url = {http://digital.bbm.usp.br/handle/bbm/4716},
  urldate = {2019-11-08},
  langid = {Francês},
  volumes = {3}
}

@book{debret:1834voyage1,
  title = {Voyage pittoresque et historique au Brésil: ou, Séjour d'un Artiste Français au Brésil, depuis 1816 jusqu'en 1831 inclusivement, époques de l'Avenement et de l'Abdication de S. M. D. Pedro Ier, fondateur de l'Empire brésilien},
  shorttitle = {Voyage pittoresque et historique au Brésil},
  author = {Debret, Jean Baptiste},
  date = {1834},
  volume = {1},
  publisher = {{Firmin-Didot frères}},
  location = {{Paris}},
  url = {http://digital.bbm.usp.br/handle/bbm/3813},
  urldate = {2019-11-08},
  langid = {Francês}
}

@book{debret:1835voyage2,
  title = {Voyage pittoresque et historique au Brésil: ou, Séjour d'un Artiste Français au Brésil, depuis 1816 jusqu'en 1831 inclusivement, époques de l'Avenement et de l'Abdication de S. M. D. Pedro Ier, fondateur de l'Empire brésilien},
  shorttitle = {Voyage pittoresque et historique au Brésil},
  author = {Debret, Jean Baptiste},
  date = {1835},
  volume = {2},
  publisher = {{Firmin-Didot frères}},
  location = {{Paris}},
  url = {http://digital.bbm.usp.br/handle/bbm/3802},
  urldate = {2019-11-08},
  langid = {Francês}
}

@book{debret:1839voyage3,
  title = {Voyage pittoresque et historique au Brésil: ou, Séjour d'un Artiste Français au Brésil, depuis 1816 jusqu'en 1831 inclusivement, époques de l'Avenement et de l'Abdication de S. M. D. Pedro Ier, fondateur de l'Empire brésilien},
  shorttitle = {Voyage pittoresque et historique au Brésil},
  author = {Debret, Jean Baptiste},
  date = {1839},
  volume = {3},
  publisher = {{Firmin-Didot frères}},
  location = {{Paris}},
  url = {http://digital.bbm.usp.br/handle/bbm/4716},
  urldate = {2019-11-08},
  langid = {Francês}
}

@book{delft:1993nature,
  title = {Nature humaine et caractère a l’âge classique},
  author = {van Delft, Louis},
  date = {1993},
  publisher = {{Presses Universitaires de France}},
  doi = {10.3917/puf.ricoe.1993.01},
  isbn = {978-2-13-045239-3},
  langid = {french}
}

@incollection{depaula:2011processo,
  title = {O Processo Econômico},
  booktitle = {História Do {{Brasil}} Nação: 1808-2010},
  author = {de Paula, João Antônio},
  editor = {de Carvalho, José Murilo},
  date = {2011},
  pages = {179--223},
  publisher = {{Objetiva : Fundación Mapfre}},
  location = {{Rio de Janeiro : Madrid}},
  editorb = {Schwarcz, Lilia Moritz},
  editorbtype = {redactor},
  isbn = {978-85-390-0275-7 978-84-9844-310-3 978-85-390-0319-8 978-85-390-0386-0 978-85-390-0472-0 978-84-9844-433-9 978-85-390-0553-6 978-85-390-0423-2},
  keywords = {Brazil,History},
  options = {useprefix=true}
}
% == BibLateX quality report for depaula:2011processo:
% 'isbn': not a valid ISBN

@incollection{dias:2011felix-emile,
  title = {Félix-Émile Taunay e a produção de uma pintura de paisagem nacional},
  booktitle = {História e arte: movimentos artísticos e correntes intelectuais},
  author = {Dias, Elaine},
  editor = {Flores, Maria Bernardete Ramos and Piazza, Maria de Fátima Fontes},
  date = {2011},
  pages = {143--156},
  publisher = {{Mercado de Letras}},
  location = {{Campinas}},
  isbn = {978-85-7591-159-4},
  langid = {portuguese}
}

@article{diener:2013reflexions,
  title = {Réflexions sur la peinture de paysage au Brésil au XIX\^e\^ siècle},
  author = {Diener, Pablo},
  date = {2013-12-31},
  journaltitle = {Perspective. Actualité en histoire de l’art},
  shortjournal = {Perspective},
  pages = {365--372},
  issn = {1777-7852},
  doi = {10.4000/perspective.3897},
  langid = {french},
  number = {2}
}
% == BibLateX quality report for diener:2013reflexions:
% ? Possibly abbreviated journal title Perspective. Actualité en histoire de l’art

@book{fedatto:2013saber,
  title = {Um saber nas ruas: o discurso histórico sobre a cidade brasileira},
  shorttitle = {Um saber nas ruas},
  author = {Fedatto, Carolina P},
  date = {2013},
  publisher = {{Unicamp}},
  location = {{Campinas}},
  isbn = {978-85-268-1044-0},
  langid = {portuguese}
}

@article{fernandes:2004historia56,
  title = {História da cidade e do urbanismo no Brasil: reflexões sobre a produção recente},
  shorttitle = {História da cidade e do urbanismo no Brasil},
  author = {Fernandes, Ana and Gomes, Marco Aurélio A. de Filgueiras},
  date = {2004-04},
  journaltitle = {Ciência e Cultura},
  volume = {56},
  pages = {23--25},
  issn = {0009-6725},
  url = {http://cienciaecultura.bvs.br/scielo.php?script=sci_abstract&pid=S0009-67252004000200015&lng=en&nrm=iso&tlng=pt},
  urldate = {2016-01-15},
  langid = {portuguese},
  number = {2}
}

@collection{flores:2011historia,
  title = {História e arte: movimentos artísticos e correntes intelectuais},
  shorttitle = {História e arte},
  editor = {Flores, Maria Bernardete Ramos and Piazza, Maria de Fátima Fontes},
  date = {2011},
  publisher = {{Mercado de Letras}},
  location = {{Campinas}},
  isbn = {978-85-7591-159-4},
  langid = {portuguese}
}

@article{gauthier:1960new75,
  title = {New {{Light}} on {{Zola}} and {{Physiognomy}}},
  author = {Gauthier, E. Paul},
  date = {1960},
  journaltitle = {PMLA},
  volume = {75},
  pages = {297--308},
  issn = {0030-8129},
  doi = {10.2307/460341},
  number = {3}
}
% == BibLateX quality report for gauthier:1960new75:
% ? Title looks like it was stored in title-case in Zotero

@book{goncalves:1996retorica,
  title = {A retórica da perda: os discursos do patrimônio cultural no Brasil},
  shorttitle = {A retórica da perda},
  author = {Gonçalves, José Reginaldo Santos},
  date = {1996},
  publisher = {{Editora UFRJ : MinC-IPHAN}},
  location = {{Rio de Janeiro}},
  isbn = {978-85-7108-163-5},
  langid = {portuguese}
}

@book{gonzagaduque:1929contemporaneos,
  title = {Contemporaneos: pintores e esculptores},
  shorttitle = {Contemporaneos},
  author = {Gonzaga Duque Estrada, Luís},
  date = {1929},
  publisher = {{Benedicto de Souza}},
  langid = {portuguese},
  pagetotal = {284}
}

@book{gonzagaduque:1995arte,
  title = {A arte brasileira},
  author = {Gonzaga Duque Estrada, Luís},
  editor = {Chiarelli, Tadeu},
  date = {1995},
  publisher = {{Mercado de Letras}},
  location = {{Campinas}},
  isbn = {85-85725-14-1 978-85-85725-14-3},
  keywords = {Arte no Brasil,Brasil,caráter,Gonzaga Duque,História da Arte,Nacionalismo,Século XIX},
  langid = {portuguese}
}
% == BibLateX quality report for gonzagaduque:1995arte:
% 'isbn': not a valid ISBN

@article{hatzfeld:1947literary6,
  title = {Literary {{Criticism}} through {{Art}} and {{Art Criticism}} through {{Literature}}},
  author = {Hatzfeld, Helmut A.},
  date = {1947},
  journaltitle = {The Journal of Aesthetics and Art Criticism},
  volume = {6},
  pages = {1--21},
  number = {1}
}
% == BibLateX quality report for hatzfeld:1947literary6:
% ? Title looks like it was stored in title-case in Zotero

@collection{heizer:2001ciencia,
  title = {Ciência, civilização e império nos trópicos},
  editor = {Heizer, Alda and Videira, Antonio Augusto Passos},
  date = {2001},
  publisher = {{Access}},
  location = {{Rio de Janeiro}},
  editora = {{Universidade do Estado do Rio de Janeiro} and {Museu de Astronomia e Ciências Afins (Brazil)}},
  editoratype = {collaborator},
  langid = {portuguese}
}

@book{instituthistoriquefrance:1834journal1,
  title = {Journal de l'Institut historique},
  date = {1834},
  volume = {1},
  publisher = {{L'Institut historique}},
  url = {http://archive.org/details/journaldelinsti02fragoog},
  urldate = {2014-11-09},
  editora = {{Institut historique (France)} and {Harvard University}},
  editoratype = {collaborator},
  keywords = {Academia Imperial de Belas Artes,História,Manuel de Araújo Porto Alegre},
  langid = {french},
  pagetotal = {1018}
}
% == BibLateX quality report for instituthistoriquefrance:1834journal1:
% Missing required field 'author'

@thesis{jorge:2006urbanismo,
  title = {Urbanismo no Brasil império: a saúde pública na cidade de São Paulo no século XIX (hospitais, lazaretos e cemitérios)},
  shorttitle = {Urbanismo no Brasil império},
  author = {Jorge, Karina Camarneiro},
  date = {2006},
  institution = {{Pontifícia Universidade Católica de Campinas}},
  location = {{Campinas}},
  langid = {por},
  type = {Dissertação (mestrado)}
}

@collection{leme:2005urbanismo,
  title = {Urbanismo no Brasil, 1895-1965},
  editor = {Leme, Maria Cristina da Silva},
  date = {2005},
  edition = {2},
  publisher = {{EDUFBA}},
  location = {{Salvador}},
  editora = {Fernandes, Ana},
  editoratype = {collaborator},
  isbn = {978-85-232-0348-1},
  langid = {portuguese}
}

@article{lins:1996gonzaga25,
  title = {Gonzaga Duque: crítica e utopia na virada do século},
  author = {Lins, Vera},
  date = {1996},
  journaltitle = {Fundação Casa de Rui Barbosa},
  volume = {25},
  url = {http://www.casaruibarbosa.gov.br/dados/DOC/literatura/gonzaga_duque/PA25.pdf},
  urldate = {2018-02-15},
  langid = {portuguese},
  series = {Papéis avulsos}
}

@thesis{macedo:2017biblioteca,
  title = {Biblioteca brasileira de arquitetura : 1551-1750},
  shorttitle = {Biblioteca brasileira de Arquitetura},
  author = {Macedo, Danilo Matoso},
  date = {2017},
  institution = {{Universidade de Brasília}},
  location = {{Brasília}},
  url = {http://repositorio.unb.br/handle/10482/24932},
  langid = {por},
  type = {Tese (doutorado em Arquitetura e Urbanismo)}
}

@article{magalhaes:1834resume,
  title = {Résumé de l’histoire de la littérature, des sciences et des arts au Brésil},
  author = {Gonçalves de Magalhães, Domingos José and Homem, Francisco de Sales Torres and Porto Alegre, Manuel de Araújo},
  date = {1834},
  journaltitle = {Journal de l'Institut historique},
  volume = {1},
  pages = {47--53},
  url = {http://archive.org/details/journaldelinsti02fragoog},
  urldate = {2014-11-09},
  keywords = {Academia Imperial de Belas Artes,História,Manuel de Araújo Porto Alegre},
  langid = {french},
  number = {1},
  series = {1}
}

@article{martone:2016trasformazioni,
  title = {Le Trasformazioni Territoriali Dell’area Pontina Nel {{XX}} Secolo. {{La}} Riconoscibilità Storica Dei Luoghi Nella Iconografia Tra {{Ottocento}} e {{Novecento}}: Alcuni Esempi},
  shorttitle = {Le Trasformazioni Territoriali Dell’area Pontina Nel {{XX}} Secolo. {{La}} Riconoscibilità Storica Dei Luoghi Nella Iconografia Tra {{Ottocento}} e {{Novecento}}},
  author = {Martone, Maria},
  date = {2016},
  journaltitle = {Eikonocity},
  volume = {I},
  pages = {133--145},
  doi = {10.6092/2499-1422/3751},
  number = {1}
}

@article{mascaro:2011ricardo,
  title = {Ricardo Severo, Raul Lino e os Movimentos Tradicionalistas},
  author = {Mascaro, Luciana Paes and Bortolucci, Maria Ângela and Lourenço, Júlia Maria},
  year = {jan./jul. 2011},
  journaltitle = {Convergência Lusíada},
  pages = {102--123},
  url = {http://www.realgabinete.com.br/revistaconvergencia/?p=187},
  urldate = {2014-06-08},
  langid = {portuguese},
  number = {25}
}

@book{mello:2007ricardo,
  title = {Ricardo Severo: da arqueologia portuguesa à arquitetura brasileira},
  shorttitle = {Ricardo Severo},
  author = {Mello, Joana},
  date = {2007},
  publisher = {{Annablume}},
  location = {{São Paulo}},
  isbn = {978-85-7419-727-2 85-7419-727-0},
  keywords = {Arquitetura neocolonial,Brasil arquitetura século XX,Ricardo Severo},
  langid = {portuguese}
}
% == BibLateX quality report for mello:2007ricardo:
% 'isbn': not a valid ISBN

@book{monteirolobato:1919cidades,
  title = {Cidades mortas: contos e impressões},
  shorttitle = {Cidades mortas},
  author = {Monteiro Lobato, José Bento},
  date = {1919},
  publisher = {{Revista do Brasil}},
  location = {{São Paulo}},
  langid = {portuguese}
}

@book{monteirolobato:1944urupes,
  title = {Urupês},
  author = {Monteiro Lobato, José Bento Monteiro},
  date = {1944},
  edition = {2},
  publisher = {{Martins}},
  location = {{São Paulo}},
  keywords = {Caipira,Jeca Tatu,Monteiro Lobato},
  langid = {portuguese},
  number = {VIII},
  series = {Biblioteca de literatura brasileira}
}

@book{morales:1941grandjean,
  title = {Grandjean de Montigny e a evolução da arte brasileira},
  author = {Morales de los Rios Filho, Adolfo},
  date = {1941},
  publisher = {{A Noite}},
  location = {{Rio de Janeiro}},
  keywords = {Academicismo,Arte no Brasil,Beaux-Arts,Ecletismo,Grandjean de Montigny; Auguste-Henri-Victor,História da Arte,Missão Artística Francesa,Neoclassicismo},
  langid = {portuguese}
}

@book{naxara:2004cientificismo,
  title = {Cientificismo e sensibilidade romântica: em busca de um sentido explicativo para o Brasil no século XIX},
  shorttitle = {Cientificismo e sensibilidade romântica},
  author = {Naxara, Márcia Regina Capelari},
  date = {2004},
  publisher = {{EdUnB}},
  location = {{Brasília}},
  isbn = {978-85-230-0751-5},
  langid = {portuguese}
}

@thesis{nogueira:2013analise,
  title = {Análise sintático-espacial das transformações urbanas de Aracaju (1855-2003)},
  author = {Nogueira, Adriana Dantas},
  date = {2013-07-25},
  institution = {{Faculdade de Arquitetura, Universidade Federal da Bahia}},
  location = {{Salvador}},
  url = {http://repositorio.ufba.br/ri/handle/ri/12296},
  urldate = {2019-11-29},
  langid = {brazil},
  type = {Tese (doutorado em Arquitetura e Urbanismo)}
}

@article{oliveira:2019vistas16,
  title = {Vistas Urbanas: Um Estudo Sobre Paisagem e Urbanidade No Centro Histórico de {{Florianópolis}} ({{Santa Catarina}}, {{Brasil}}) = {{Urban}} Views: A {{Study}} on the Landscape and Urbanity in the Historical Center of {{Florianopolis}} ({{Santa Catarina}}, {{Brazil}})},
  shorttitle = {Vistas Urbanas},
  author = {Oliveira, Tueilon De and Zapatel, Juan Antonio},
  date = {2019-05-29},
  journaltitle = {Oculum Ensaios},
  shortjournal = {Oculum Ensaios},
  volume = {16},
  pages = {357},
  issn = {2318-0919, 1519-7727},
  doi = {10.24220/2318-0919v16n2a4150},
  number = {2}
}
% == BibLateX quality report for oliveira:2019vistas16:
% 'issn': not a valid ISSN

@book{palazzo:2002mitos,
  title = {Entre Mitos, Utopias e Razão: {{Os}} Olhares Franceses Sobre o {{Brasil}} (Séculos {{XVI}} a {{XVIII}})},
  author = {Palazzo, Carmen Licia},
  date = {2002},
  publisher = {{Edipucrs}},
  location = {{Porto Alegre}}
}

@article{pereira:1994romantismo,
  title = {Romantismo e objetividade: notas sobre um panorama do Rio de Janeiro},
  shorttitle = {Romantismo e objetividade},
  author = {Pereira, Margareth da Silva},
  date = {1994},
  journaltitle = {Anais do Museu Paulista: História e Cultura Material},
  volume = {2},
  pages = {169--195},
  issn = {0101-4714},
  doi = {10.1590/S0101-47141994000100012},
  langid = {portuguese},
  number = {1}
}

@article{pereira:2005historiografiaXXXI,
  title = {A historiografia da arquitetura brasileira no século XIX e os conceitos de estilo e tipologia},
  shorttitle = {A historiografia da arquitetura brasileira no século XIX},
  author = {Pereira, Sonia Gomes},
  date = {2005-12},
  journaltitle = {Estudos Ibero-Americanos},
  volume = {XXXI},
  pages = {143--154},
  issn = {0101-4064},
  url = {http://www.redalyc.org/html/1346/134618596009/},
  urldate = {2018-05-14},
  langid = {portuguese},
  number = {2}
}

@article{pereira:2010sincronia12,
  title = {A sincronia entre valores tradicionais e modernos na Academia Imperial de Belas Artes: os envios de Rodolfo Amoedo},
  shorttitle = {Os envios de Rodolfo Amoedo},
  author = {Pereira, Sonia Gomes},
  year = {jan./jun. 2010},
  journaltitle = {ArtCultura},
  volume = {12},
  pages = {85--94},
  url = {http://www.seer.ufu.br/index.php/artcultura/article/viewFile/11308/6747},
  urldate = {2014-01-03},
  keywords = {Academia Imperial de Belas-Artes,Amoedo; Rodolfo,Arte no Brasil,Beaux-Arts,Historicismo,Modernidade,Pintura - século XIX},
  langid = {portuguese},
  number = {20}
}

@inproceedings{pesavento:2001busca,
  title = {Em Busca Da Cidade Perdida: Representações Do Urbano No {{Brasil}} de {{D}}. {{Pedro I}} (o Caso {{Porto Alegre}}) 1822–1831},
  shorttitle = {Em Busca Da Cidade Perdida},
  booktitle = {D. {{Pedro Imperador}} Do {{Brasil}}, {{Rei}} de {{Portugal}}: Do {{Abolutismo}} Ao {{Liberalismo}}},
  author = {Pesavento, Sandra Jatahy},
  editor = {Ramos, Luís Oliveira},
  date = {2001},
  pages = {659--685},
  publisher = {{Comissão Nacional para as Comemorações dos Descobrimentos Portugueses : Universidade do Porto}},
  location = {{Lisboa}},
  editora = {Portugal and Universidade do Porto},
  editoratype = {collaborator},
  eventtitle = {Actas Do {{Congresso Internacional}}, {{Porto}}, 12 a 14 de {{Novembro}} de 1998},
  isbn = {978-972-787-051-6},
  keywords = {1780-1830,1826-1834,Açores,Actividade económica,Brasil,Conflitos políticos,Congressos; conferências; etc. Actas,Emigração,História de Portugal,História do Brasil,História política,Historiografia,Independência do Brasil,Liberalismo,Obra,Pedro,Porto (Portugal),Porto Alegre (Brasil),Portugal,Propriedade fundiária,séc. 19,Urbanismo}
}
% == BibLateX quality report for pesavento:2001busca:
% Unexpected field 'editora'
% Unexpected field 'editoratype'
% ? Unsure about the formatting of the booktitle

@book{pesavento:2002imaginario,
  title = {O imaginário da cidade: visões literárias do urbano, Paris, rio de janeiro, Porto Alegre},
  shorttitle = {O imaginário da cidade},
  author = {Pesavento, Sandra Jatahy},
  date = {2002},
  publisher = {{Ed. da UFRGS}},
  location = {{Porto Alegre (RS)}},
  isbn = {978-85-7025-625-6},
  langid = {portuguese}
}

@book{pigafetta:2009passioni,
  title = {Le Passioni Del Classico},
  author = {Pigafetta, Giorgio},
  date = {2009},
  publisher = {{Alinea}},
  location = {{Firenze}},
  isbn = {978-88-6055-442-0},
  keywords = {Architecture; Classical},
  number = {220},
  pagetotal = {112},
  series = {Saggi e Documenti}
}

@book{pinheiro:2012neocolonial,
  title = {Neocolonial, modernismo e preservação do patrimônio no debate cultural dos anos 1920 no Brasil},
  shorttitle = {Neocolonial},
  author = {Pinheiro, Maria Lúcia Bressan},
  date = {2012},
  publisher = {{EdUSP}},
  location = {{São Paulo}},
  isbn = {978-85-314-1304-9 85-314-1304-4},
  keywords = {Neocolonial,Patrimônio histórico},
  langid = {portuguese}
}
% == BibLateX quality report for pinheiro:2012neocolonial:
% 'isbn': not a valid ISBN

@mvbook{quatremere:1788architecture,
  title = {Architecture},
  author = {Quatremère de Quincy, Antoine Chrysosthome},
  editor = {Diderot, Denis and d’ Alembert, Jean le Rond},
  date = {1788/1825},
  publisher = {{Panckouke}},
  location = {{Paris}},
  keywords = {arquitetura,caráter,monumentalidade},
  langid = {french},
  options = {useprefix=true},
  series = {Encyclopédie méthodique},
  volumes = {3}
}

@incollection{quatremere:1788caractere,
  title = {Caractère},
  booktitle = {Architecture},
  author = {Quatremère de Quincy, Antoine Chrysosthome},
  editor = {Quatremère de Quincy, A.C.},
  date = {1788},
  volume = {1},
  pages = {477--518},
  publisher = {{Panckouke}},
  location = {{Paris}},
  editorb = {Diderot, Denis and d’ Alembert, Jean le Rond},
  editorbtype = {redactor},
  langid = {french},
  options = {useprefix=true},
  series = {Encyclopédie, ou Dictionnaire raisonné des sciences, des arts et des métiers}
}

@incollection{quatremere:1825type,
  title = {Type},
  booktitle = {Architecture},
  author = {Quatremère de Quincy, Antoine Chrysosthome},
  editor = {Diderot, Denis and d’ Alembert, Jean le Rond and Quatremère de Quincy, A.C.},
  date = {1825},
  pages = {543--545},
  publisher = {{Panckouke}},
  location = {{Paris}},
  langid = {french},
  options = {useprefix=true}
}

@collection{ramos:2001pedro,
  title = {D. {{Pedro Imperador}} Do {{Brasil}}, {{Rei}} de {{Portugal}}: Do {{Abolutismo}} Ao {{Liberalismo}}: {{Actas}} Do {{Congresso Internacional}}, {{Porto}}, 12 a 14 de {{Novembro}} de 1998},
  shorttitle = {D. {{Pedro Imperador}} Do {{Brasil}}, {{Rei}} de {{Portugal}}},
  editor = {Ramos, Luís Oliveira},
  date = {2001},
  edition = {1},
  publisher = {{Comissão Nacional para as Comemorações dos Descobrimentos Portugueses : Universidade do Porto}},
  location = {{Lisboa}},
  editora = {Portugal and Universidade do Porto},
  editoratype = {collaborator},
  isbn = {978-972-787-051-6},
  keywords = {1780-1830,1826-1834,Açores,Actividade económica,Brasil,Conflitos políticos,Congressos; conferências; etc. Actas,Emigração,História de Portugal,História do Brasil,História política,Historiografia,Independência do Brasil,Liberalismo,Obra,Pedro,Porto (Portugal),Porto Alegre (Brasil),Portugal,Propriedade fundiária,séc. 19,Urbanismo},
  pagetotal = {732},
  series = {Actas}
}

@book{reisfilho:1968contribuicao,
  title = {Contribuição ao estudo da evolução urbana do Brasil (1500–1720)},
  author = {Reis Filho, Nestor Goulart},
  date = {1968},
  publisher = {{Pioneira : Ed. da Universidade}},
  location = {{São Paulo}},
  langid = {portuguese}
}

@book{rios:1959adolfo,
  title = {Adolfo Morales de los Rios filho. Adolfo Morales de los Rios , figura, vida e obra...},
  author = {de los Rios, Adolfo Morales},
  date = {1959},
  publisher = {{Editor Borsoi}},
  location = {{Rio de Janeiro}},
  langid = {por},
  pagetotal = {414}
}

@inproceedings{rocha-peixoto:2010arquitetura,
  title = {Arquitetura brasileira no século XIX: esboço para uma historiografia 1834–1864},
  shorttitle = {Arquitetura brasileira no século XIX},
  booktitle = {Arquitetura, cidade, paisagem e territórios: percursos e perspectivas},
  author = {Rocha-Peixoto, Gustavo},
  date = {2010},
  publisher = {{Anparq}},
  location = {{Rio de Janeiro}},
  url = {http://www.anparq.org.br/dvd-enanparq/simposios/140/140-648-1-SP.pdf},
  urldate = {2019-05-25},
  eventtitle = {I Encontro da Associação Nacional de Pesquisa e Pós-graduação em Arquitetura e Urbanismo},
  langid = {portuguese}
}

@book{romero:1906patria,
  title = {A {{Patria}} Portugueza: O Território e a Raça: Apreciação Do Livro de Igual Título de {{Theophilo Braga}}},
  shorttitle = {A {{Patria}} Portugueza},
  author = {Romero, Sílvio},
  date = {1906},
  publisher = {{Livraria Clássica de A. M. Teixeira \& C.ta}},
  location = {{Lisboa}},
  editora = {e Sá, Pedro de Moura and Brandão, Mário and Cruz, Lígia and Escola Normal Superior de Coimbra},
  editoratype = {collaborator},
  keywords = {Braga; Teófilo,História de Portugal,obra,origens,Portugal,Portugueses,Pré-história},
  pagetotal = {520}
}

@book{sainthilaire:1847voyage,
  title = {Voyage aux sources du Rio de S. Francisco et dans la province de Goyaz},
  author = {de Saint-Hilaire, Auguste},
  date = {1847},
  publisher = {{Paris, A. Bertrand}},
  url = {http://archive.org/details/voyageauxsource00hilgoog},
  urldate = {2014-03-24},
  editora = {{Ghent University}},
  editoratype = {collaborator},
  keywords = {Brasil História,Brasil História século XIX,Goiás (Brazil : State),Relatos de viagens,Relatos de viajantes,Saint-Hilaire; Auguste de; 1779–1853},
  langid = {french},
  pagetotal = {761}
}

@collection{salgado:2010construcao,
  title = {Da construção do território ao planejamento das cidades: competências técnicas e saberes profissionais na Europa e nas Américas (1850-1930)},
  shorttitle = {Da construção do território ao planejamento das cidades},
  editor = {Salgado, Ivone and Bertoni, Angelo},
  date = {2010},
  publisher = {{Rima}},
  location = {{São Carlos}},
  isbn = {978-85-7656-197-2},
  langid = {portuguese},
  pagetotal = {212}
}

@collection{salgueiro:2001cidades,
  title = {Cidades capitais do século XIX: racionalidade, cosmopolitismo e transferência de modelos},
  shorttitle = {Cidades capitais do século XIX},
  editor = {Salgueiro, Heliana Angotti},
  date = {2001},
  publisher = {{Edusp}},
  location = {{São Paulo}},
  isbn = {978-85-314-0614-0},
  langid = {portuguese}
}

@incollection{sambricio:2014projetos,
  title = {Projetos Espaciais Na {{América}} Espanhola No Último Terço Do Século {{XVIII}}: Economia, Política e Ordenação Territorial},
  booktitle = {Tempos e Escalas Da Cidade e Do Urbanismo: Quatro Palestras},
  author = {Sambricio, Carlos},
  editor = {Peixoto, Elane Ribeiro and Derntl, Maria Fernanda and Palazzo, Pedro P. and Trevisan, Ricardo},
  date = {2014},
  pages = {29--59},
  publisher = {{Faculdade de Arquitetura e Urbanismo da Universidade de Brasília}},
  location = {{Brasília}},
  isbn = {978-85-60762-18-7},
  translator = {Palazzo, Pedro P. and Peixoto, Elane Ribeiro}
}

@book{santos:2009percurso,
  title = {O Percurso Da Indianidade Na Literatura Brasileira: Matizes Da Figuração},
  shorttitle = {O Percurso Da Indianidade Na Literatura Brasileira},
  author = {dos Santos, Luzia Aparecida Oliva},
  date = {2009},
  publisher = {{Editora Unesp : Cultura Acadêmica}},
  location = {{São Paulo}},
  url = {http://books.scielo.org/id/yhzv4},
  urldate = {2020-01-02},
  isbn = {978-85-7983-020-4}
}

@book{segawa:1996ao,
  title = {Ao amor do público: jardins no Brasil},
  shorttitle = {Ao amor do público},
  author = {Segawa, Hugo M},
  date = {1996},
  publisher = {{FAPESP : Studio Nobel}},
  location = {{São Paulo}},
  isbn = {978-85-85445-40-9},
  langid = {portuguese}
}

@book{severo:1916arte,
  title = {A arte tradicional no Brasil: a casa e o templo},
  shorttitle = {A arte tradicional no Brasil},
  author = {Severo, Ricardo},
  date = {1916},
  publisher = {{Tip.Levi}},
  location = {{São Paulo}},
  keywords = {Arquitectura brasileira,séc. 18-19},
  langid = {portuguese},
  pagetotal = {46},
  series = {Separata das conferencias 1914–15 da Sociedade de Cultura Artistica de S. Paulo}
}

@article{severo:1917arte,
  title = {A Arte Tradicional No {{Brasil}}},
  author = {Severo, Ricardo},
  date = {1917-04},
  journaltitle = {Revista do Brasil},
  volume = {II},
  pages = {394--424},
  number = {4}
}

@article{silva:2013modernidade5,
  title = {A modernidade em Monteiro Lobato: Cidades Mortas e o retrato de um Brasil decadente no início do século XX},
  shorttitle = {A modernidade em Monteiro Lobato},
  author = {da Silva, Marcela Verônica},
  year = {jan.–jul. 2013},
  journaltitle = {Revista Virtual de Letras},
  shortjournal = {RevLet},
  volume = {5},
  pages = {293--308},
  url = {http://www.revlet.com.br/artigos/188.pdf},
  urldate = {2014-06-04},
  keywords = {Cidades Mortas,Modernidade,Monteiro Lobato,Nacionalismo,Realismo,Regionalismo,Vale do Paraíba},
  langid = {portuguese},
  number = {1}
}

@online{silva:critica,
  title = {A Crítica de {{Gonzaga}}-{{Duque}} e a Reprodução Do Real Nas Artes Plásticas},
  author = {Silva, Elizeu},
  url = {https://www.academia.edu/3279316/A_critica_de_Gonzaga-Duque_e_a_reproducao_do_real_nas_artes_plasticas},
  urldate = {2014-06-08},
  keywords = {Brasil arte século XIX,Brasil História século XIX,Gonzaga Duque,Pintura - século XIX,Realismo}
}
% == BibLateX quality report for silva:critica:
% Exactly one of 'date' / 'year' must be present

@article{squeff:2011exposicoes,
  title = {As exposições gerais da Academia de Belas Artes: teatro de corte e formação de um mercado de artes no Rio de Janeiro},
  shorttitle = {As exposições gerais da Academia de Belas Artes},
  author = {Squeff, Letícia},
  date = {2011-11},
  journaltitle = {Arte \& Ensaios},
  pages = {125--133},
  url = {http://www.ppgav.eba.ufrj.br/wp-content/uploads/2012/05/ae23_leticia_squeff.pdf},
  urldate = {2017-03-11},
  langid = {brazil},
  number = {23}
}

@book{squeff:2012galeria,
  title = {Uma galeria para o Império: a Coleção Escola Brasileira e as origens do Museu Nacional de Belas Artes},
  shorttitle = {Uma galeria para o Império},
  author = {Squeff, Letícia},
  date = {2012},
  publisher = {{Edusp : Fapesp}},
  location = {{São Paulo}},
  isbn = {978-85-314-1377-3 85-314-1377-X},
  langid = {portuguese}
}
% == BibLateX quality report for squeff:2012galeria:
% 'isbn': not a valid ISBN

@article{staudt:2009rio,
  title = {O Rio de Janeiro em Esaú e Jacó, de Machado de Assis},
  author = {Staudt, Sheila Katiane},
  date = {2009},
  url = {http://www.lume.ufrgs.br/handle/10183/21515},
  urldate = {2018-05-14},
  langid = {por}
}
% == BibLateX quality report for staudt:2009rio:
% Missing required field 'journaltitle'

@article{thiengo:2010questao,
  title = {A questão da tradição em Monteiro Lobato: breve comentário à margem de Urupês},
  shorttitle = {A questão da tradição em Monteiro Lobato},
  author = {Thiengo, Mariana},
  date = {2010},
  journaltitle = {Linguagens e Diálogos},
  volume = {1},
  pages = {104--115},
  url = {http://linguagensedialogos.com.br/2010.1/textos/07art-Thiengo.pdf},
  urldate = {2014-06-04},
  keywords = {1922,Modernidade,Monteiro Lobato,Semana de Arte Moderna,Tadeu Chiarelli,Tradicionalismo,Urupês},
  langid = {portuguese},
  number = {1}
}

@article{torraofilho:2003imagens,
  title = {Imagens de Pitoresca Confusão: A Cidade Colonial Na {{América}} Portuguesa},
  shorttitle = {Imagens de Pitoresca Confusão},
  author = {Torrão Filho, Amílcar},
  date = {2003-03},
  journaltitle = {Revista USP},
  pages = {50--67},
  url = {https://www.academia.edu/14958234/IMAGENS_DE_PITORESCA_CONFUS%C3%83O_A_CIDADE_COLONIAL_NA_AM%C3%89RICA_PORTUGUESA},
  urldate = {2016-04-12},
  number = {57}
}

@book{turazzi:2009iconografia,
  title = {Iconografia e patrimônio: o Catálogo da Exposição de História do Brasil e a fisionomia da nação},
  shorttitle = {Iconografia e patrimônio},
  author = {Turazzi, Maria Inez},
  date = {2009},
  publisher = {{Ministério da Cultura Fundação Biblioteca Nacional}},
  location = {{Rio de Janeiro}},
  isbn = {978-85-333-0546-5},
  keywords = {BRASIL |2 larpcal,Brazil,Catálogo da exposição de História do Brasil,CATÁLOGO DE EXPOSIÇÃO |2 larpcal,HISTÓRIA DO BRASIL (EXPOSIÇÕES) |2 larpcal,ICONOGRAFIA},
  langid = {por},
  number = {v. 33},
  pagetotal = {241},
  series = {Coleção Rodolfo Garcia}
}

@collection{valle:2014intercambios,
  title = {Intercâmbios Culturais Entre {{Brasil}} e {{Portugal}}},
  editor = {Valle, Arthur and Dazzi, Camila and Portella, Isabel Sanson},
  date = {2014},
  edition = {2},
  publisher = {{Cefet/RJ}},
  location = {{Rio de Janeiro}},
  isbn = {978-85-7068-010-5},
  number = {III},
  series = {Oitocentos}
}

@book{verissimo:1916historia,
  title = {História da literatura brasileira},
  author = {Verissimo, José},
  date = {1916},
  url = {http://archive.org/details/HistriaDaLiteraturaBrasileira},
  urldate = {2020-01-02},
  keywords = {Literatura Brasileira. História},
  langid = {portuguese}
}

@article{vonmartius:1956se,
  title = {Como Se Deve Escrever a {{História}} Do {{Brasil}}},
  author = {Von Martius, Karl Friedrich and Rodrigues, José Honório},
  date = {1956},
  journaltitle = {Revista de Historia de América},
  pages = {433--458},
  issn = {0034-8325},
  url = {https://www.jstor.org/stable/20137096},
  urldate = {2019-12-28},
  number = {42}
}

@article{wisnik:2007plastica,
  title = {Plástica e Anonimato: Modernidade e Tradição Em {{Lucio Costa}} e {{Mário}} de {{Andrade}}},
  shorttitle = {Plástica e Anonimato},
  author = {Wisnik, Guilherme},
  date = {2007-11},
  journaltitle = {Novos Estudos CEBRAP},
  pages = {169--193},
  issn = {0101-3300},
  doi = {10.1590/S0101-33002007000300009},
  keywords = {Brasil arquitetura século XX,Lucio Costa,Mário de Andrade,Movimento moderno,Neocolonial},
  number = {79}
}

@preamble{ "\ifdefined\DeclarePrefChars\DeclarePrefChars{'’-}\else\fi " }

