
@article{bueno:2005tecido,
  title = {Tecido Urbano e Mercado Imobiliário Em {{São Paulo}}: Metodologia de Estudo Com Base Na {{Décima Urbana}} de 1809},
  volume = {13},
  issn = {0101-4714},
  url = {http://www.scielo.br/scielo.php?script=sci_arttext&pid=S0101-47142005000100003&lng=pt&nrm=iso},
  doi = {10.1590/S0101-47142005000100003},
  shorttitle = {Tecido Urbano e Mercado Imobiliário Em {{São Paulo}}},
  timestamp = {2013-09-16T03:29:08Z},
  number = {1},
  journaltitle = {Anais do Museu Paulista: História e Cultura Material},
  author = {Bueno, Beatriz Piccolotto Siqueira},
  urldate = {2013-09-16},
  date = {2005-06},
  pages = {59--97},
  keywords = {1809,Brasil colônia,Cadastro,Décima urbana,Mercado imobiliário,Morfologia urbana,Rentismo,São Paulo,Tecido urbano}
}

@book{gonzaga-duque:1995arte,
  location = {{Campinas}},
  title = {A arte brasileira},
  isbn = {85-85725-14-1 978-85-85725-14-3},
  timestamp = {2016-01-18T14:20:20Z},
  langid = {portuguese},
  publisher = {{Mercado de Letras}},
  author = {Gonzaga Duque Estrada, Luís},
  editor = {Chiarelli, Tadeu},
  date = {1995},
  keywords = {Arte no Brasil,Brasil,caráter,Gonzaga Duque,História da Arte,Nacionalismo,Século XIX}
}

@book{reisfilho:1968contribuicao,
  location = {{São Paulo}},
  title = {Contribuição ao estudo da evolução urbana do Brasil (1500-1720)},
  timestamp = {2014-07-15T15:00:40Z},
  langid = {portuguese},
  publisher = {{Pioneira : Ed. da Universidade}},
  author = {Reis Filho, Nestor Goulart},
  date = {1968}
}

@book{campofiorito:1983historia,
  location = {{[Rio de Janeiro]}},
  title = {História da pintura brasileira no século XIX},
  timestamp = {2015-03-12T16:48:15Z},
  langid = {portuguese},
  publisher = {{Pinakotheke}},
  author = {Campofiorito, Quirino},
  date = {1983}
}

@book{squeff:2012galeria,
  location = {{São Paulo}},
  title = {Uma galeria para o Império: a Coleção Escola Brasileira e as origens do Museu Nacional de Belas Artes},
  isbn = {978-85-314-1377-3 85-314-1377-X},
  shorttitle = {Uma galeria para o Império},
  timestamp = {2015-03-12T17:01:54Z},
  langid = {portuguese},
  publisher = {{Edusp : Fapesp}},
  author = {Squeff, Letícia},
  date = {2012}
}

@book{palazzo:2002mitos,
  location = {{Porto Alegre}},
  title = {Entre Mitos, Utopias e Razão: {{Os}} Olhares Franceses Sobre o {{Brasil}} (Séculos {{XVI}} a {{XVIII}})},
  timestamp = {2013-09-16T04:06:44Z},
  publisher = {{Edipucrs}},
  author = {Palazzo, Carmen Licia},
  date = {2002}
}

@article{fernandes:2004historia,
  title = {História Da Cidade e Do Urbanismo No {{Brasil}}: Reflexões Sobre a Produção Recente},
  volume = {56},
  issn = {0009-6725},
  url = {http://cienciaecultura.bvs.br/scielo.php?script=sci_abstract&pid=S0009-67252004000200015&lng=en&nrm=iso&tlng=pt},
  shorttitle = {História Da Cidade e Do Urbanismo No {{Brasil}}},
  timestamp = {2016-01-15T13:37:54Z},
  number = {2},
  journaltitle = {Ciência e Cultura},
  author = {Fernandes, Ana and Gomes, Marco Aurélio A. de Filgueiras},
  urldate = {2016-01-15},
  date = {2004-04},
  pages = {23--25},
  file = {Snapshot:/Volumes/Home/palazzo/Documents/Pesquisa/Zotero/storage/V2PD55I2/scielo.html:text/html}
}

@book{fedatto:2013saber,
  location = {{Campinas}},
  title = {Um saber nas ruas: o discurso histórico sobre a cidade brasileira},
  isbn = {978-85-268-1044-0},
  shorttitle = {Um saber nas ruas},
  timestamp = {2017-01-20T23:57:26Z},
  langid = {portuguese},
  publisher = {{Unicamp}},
  author = {Fedatto, Carolina P},
  date = {2013},
  note = {OCLC: 875698125}
}

@book{bernd:1992literatura,
  location = {{Porto Alegre}},
  title = {Literatura e identidade nacional},
  timestamp = {2017-01-21T01:01:44Z},
  langid = {portuguese},
  publisher = {{Editora da UFRGS}},
  author = {Bernd, Zilá},
  date = {1992},
  note = {OCLC: 56505979}
}

@book{naxara:2004cientificismo,
  location = {{Brasília}},
  title = {Cientificismo e sensibilidade romântica: em busca de um sentido explicativo para o Brasil no século XIX},
  isbn = {978-85-230-0751-5},
  shorttitle = {Cientificismo e sensibilidade romântica},
  timestamp = {2017-01-21T01:17:27Z},
  langid = {portuguese},
  publisher = {{EdUnB}},
  author = {Naxara, Márcia Regina Capelari},
  date = {2004},
  note = {OCLC: 60350979}
}

@book{turazzi:2009iconografia,
  location = {{Rio de Janeiro}},
  title = {Iconografia e Patrimônio: O {{Catálogo}} Da {{Exposição}} de {{História}} Do {{Brasil}} e a Fisionomia Da Nação},
  isbn = {978-85-333-0546-5},
  shorttitle = {Iconografia e Patrimônio},
  pagetotal = {241},
  timestamp = {2017-03-11T20:57:08Z},
  number = {v. 33},
  series = {Coleção Rodolfo Garcia},
  publisher = {{Ministério da Cultura, Fundação Biblioteca Nacional}},
  author = {Turazzi, Maria Inez},
  date = {2009},
  note = {OCLC: ocn551378208},
  keywords = {Brazil,Catálogo da exposição de História do Brasil}
}

@book{leme:2005urbanismo,
  location = {{Salvador, BA}},
  title = {Urbanismo no Brasil, 1895-1965},
  isbn = {978-85-232-0348-1},
  timestamp = {2017-03-11T21:02:56Z},
  langid = {portuguese},
  publisher = {{EDUFBA : PPGAU/FAUFBA}},
  author = {Leme, Maria Cristina da Silva and Fernandes, Ana},
  date = {2005},
  note = {OCLC: 62386508}
}

@book{segawa:1996ao,
  location = {{São Paulo, SP}},
  title = {Ao amor do público: jardins no Brasil},
  isbn = {978-85-85445-40-9},
  shorttitle = {Ao amor do público},
  timestamp = {2017-03-11T21:18:59Z},
  langid = {portuguese},
  publisher = {{FAPESP : Studio Nobel}},
  author = {Segawa, Hugo M},
  date = {1996},
  note = {OCLC: 35823645}
}

@thesis{jorge:2006urbanismo,
  location = {{Campinas}},
  title = {Urbanismo no Brasil império: a saúde pública na cidade de São Paulo no século XIX (hospitais, lazaretos e cemitérios)},
  shorttitle = {Urbanismo no Brasil império},
  abstract = {O propósito dessa pesquisa foi o de investigar como na cidade de São Paulo, no decorrer do século XIX, a co-participação dos saberes médicos, da engenharia, da arquitetura e a atuação dos administradores implicaram na modificação no tecido urbano da cidade e definiram uma nova estrutura de organização e funcionamento. Investiga, sobretudo, o debate e as práticas relativas à implantação dos hospitais, lazaretos, cemitérios e casas de misericórdia através do estudo histórico urbanístico da cidade de São Paulo. Procurou-se perceber como as práticas urbanas implementadas pelos administradores através dos médicos e engenheiros aos seus serviços estavam fundamentadas na teoria miasmática. Estes edifícios, segundo a referida teoria, conteriam matéria orgânica que ao se decompor exalavam miasmas e, portanto, deveriam se localizar fora do meio urbano definido na época. Os estudos foram feitos sob o ponto de vista da saúde pública, investigando a origem e formação dos edifícios relacionados à mesma e a relação desses edifícios com o meio urbano. Destaca-se nessa pesquisa também, como as prescrições presentes nos tratados de medicina e arquitetura sobre a salubridade das cidades foram transferidas para a legislação, através das Posturas Municipais. Mediante a lei de 30 de agosto de 1828, que extinguiu os cargos de Físico-mor e Cirurgião-mor, as Câmaras Municipais passaram a ser responsáveis pela saúde pública e, através do Decreto Imperial de 1o de outubro de 1828, estabeleceu-se a forma das eleições dos membros das Câmaras Municipais e incluiu-se o primeiro Código de Posturas na lei orgânica das respectivas Câmaras.},
  timestamp = {2017-03-11T21:36:58Z},
  langid = {por},
  institution = {{Pontifícia Universidade Católica de Campinas}},
  type = {Dissertação (mestrado)},
  author = {Jorge, Karina Camarneiro},
  date = {2006},
  file = {Descrição\: Urbanismo no Brasil império\: a saúde pública na cidade de São Paulo no século XIX (hospitais, lazaretos e cemitérios):/Volumes/Home/palazzo/Documents/Pesquisa/Zotero/storage/D4JJ9K9K/PCAM_1c2753e0b8a78bfff297e720e77932a6.html:text/html}
}

@collection{salgado:2010construcao,
  location = {{São Carlos}},
  title = {Da Construção Do Território Ao Planejamento Das Cidades: Competências Técnicas e Saberes Profissionais Na {{Europa}} e Nas {{Américas}} (1850-1930)},
  isbn = {978-85-7656-197-2},
  shorttitle = {Da Construção Do Território Ao Planejamento Das Cidades},
  pagetotal = {212},
  timestamp = {2017-03-11T21:45:49Z},
  publisher = {{Rima}},
  editor = {Salgado, Ivone and Bertoni, Angelo},
  date = {2010}
}

@collection{carvalho:2011historia,
  location = {{Rio de Janeiro : Madrid}},
  title = {História Do {{Brasil}} Nação: 1808-2010},
  isbn = {978-85-390-0275-7 978-84-9844-310-3 978-85-390-0319-8 978-85-390-0386-0 978-85-390-0472-0 978-84-9844-433-9 978-85-390-0553-6 978-85-390-0423-2},
  shorttitle = {História Do {{Brasil}} Nação},
  pagetotal = {6},
  timestamp = {2017-03-11T23:06:31Z},
  publisher = {{Objetiva : Fundación Mapfre}},
  editor = {de Carvalho, José Murilo},
  date = {2011},
  note = {OCLC: ocn778802517},
  keywords = {Brazil,History}
}

@incollection{depaula:2011processo,
  location = {{Rio de Janeiro : Madrid}},
  title = {O Processo Econômico},
  isbn = {978-85-390-0275-7 978-84-9844-310-3 978-85-390-0319-8 978-85-390-0386-0 978-85-390-0472-0 978-84-9844-433-9 978-85-390-0553-6 978-85-390-0423-2},
  timestamp = {2017-03-12T04:34:58Z},
  booktitle = {História Do {{Brasil}} Nação: 1808-2010},
  publisher = {{Objetiva : Fundación Mapfre}},
  author = {de Paula, João Antônio},
  editor = {de Carvalho, José Murilo},
  editorb = {Schwarcz, Lilia Moritz},
  editorbtype = {redactor},
  date = {2011},
  pages = {179--223},
  note = {OCLC: ocn778802517},
  keywords = {Brazil,History},
  options = {useprefix=true}
}

@incollection{bosi:2011cultura,
  location = {{Rio de Janeiro : Madrid}},
  title = {Cultura},
  isbn = {978-85-390-0275-7 978-84-9844-310-3 978-85-390-0319-8 978-85-390-0386-0 978-85-390-0472-0 978-84-9844-433-9 978-85-390-0553-6 978-85-390-0423-2},
  timestamp = {2017-03-12T04:34:51Z},
  booktitle = {História Do {{Brasil}} Nação: 1808-2010},
  publisher = {{Objetiva : Fundación Mapfre}},
  author = {Bosi, Alfredo},
  editor = {de Carvalho, José Murilo},
  editorb = {Schwarcz, Lilia Moritz},
  editorbtype = {redactor},
  date = {2011},
  pages = {225--279},
  note = {OCLC: ocn778802517},
  keywords = {Brazil,History}
}

@article{barata:1996alguns,
  title = {Alguns Fatos e Hipóteses Em Torno Do Panorama Do {{Rio}} de {{Janeiro}} ({{Paris}} 1824) e Suas Atribuições Básicas a {{A}}. {{F}}. {{E}}. {{Taunay}} e a {{L}}. {{S}}. {{Meunié}}},
  volume = {4},
  issn = {0101-4714},
  url = {http://www.scielo.br/scielo.php?script=sci_arttext&pid=S0101-47141996000100022&lng=pt&nrm=iso&tlng=pt},
  doi = {10.1590/S0101-47141996000100022},
  timestamp = {2017-03-12T04:47:38Z},
  langid = {english},
  number = {1},
  journaltitle = {Anais do Museu Paulista: História e Cultura Material},
  author = {Barata, Mário},
  urldate = {2017-03-12},
  date = {1996},
  pages = {0--0}
}

@article{pereira:1994romantismo,
  title = {Romantismo e Objetividade: Notas Sobre Um Panorama Do {{Rio}} de {{Janeiro}}},
  volume = {2},
  issn = {0101-4714},
  url = {http://www.scielo.br/scielo.php?script=sci_arttext&pid=S0101-47141994000100012&lng=pt&nrm=iso&tlng=pt},
  doi = {10.1590/S0101-47141994000100012},
  shorttitle = {Romantismo e Objetividade},
  timestamp = {2017-03-12T05:04:22Z},
  langid = {english},
  number = {1},
  journaltitle = {Anais do Museu Paulista: História e Cultura Material},
  author = {Pereira, Margareth da Silva},
  urldate = {2017-03-12},
  date = {1994},
  pages = {169--195}
}

@collection{flores:2011historia,
  location = {{Campinas}},
  title = {História e arte: movimentos artísticos e correntes intelectuais},
  isbn = {978-85-7591-159-4},
  shorttitle = {História e arte},
  timestamp = {2017-03-12T05:08:50Z},
  langid = {portuguese},
  publisher = {{Mercado de Letras}},
  editor = {Flores, Maria Bernardete Ramos and Piazza, Maria de Fátima Fontes},
  date = {2011},
  note = {OCLC: 857079354}
}

@incollection{dias:2011felixemile,
  location = {{Campinas}},
  title = {Félix-Émile Taunay e a produção de uma pintura de paisagem nacional},
  isbn = {978-85-7591-159-4},
  timestamp = {2017-03-12T05:09:51Z},
  langid = {portuguese},
  booktitle = {História e arte: movimentos artísticos e correntes intelectuais},
  publisher = {{Mercado de Letras}},
  author = {Dias, Elaine},
  editor = {Flores, Maria Bernardete Ramos and Piazza, Maria de Fátima Fontes},
  date = {2011},
  pages = {143--156},
  note = {OCLC: 857079354}
}

@article{araujo:2014desmistificando,
  title = {Desmistificando Almeida Júnior: a modernidade do caipira},
  volume = {IX},
  url = {http://www.dezenovevinte.net/artistas/artistas_aj_raa.htm},
  timestamp = {2017-03-13T02:07:11Z},
  langid = {brazil},
  number = {1},
  journaltitle = {Dezenove \& Vinte},
  author = {de Araújo, Raquel Aguilar},
  urldate = {2017-03-13},
  year = {jan.–jun. 2014},
  file = {19&20 - Desmistificando Almeida Júnior\: a modernidade do caipira, por Raquel Aguilar de Araújo:/Volumes/Home/palazzo/Documents/Pesquisa/Zotero/storage/I5N844VV/artistas_aj_raa.html:text/html}
}

@article{squeff:2011exposicoes,
  title = {As exposições gerais da Academia de Belas Artes: teatro de corte e formação de um mercado de artes no Rio de Janeiro},
  url = {http://www.ppgav.eba.ufrj.br/wp-content/uploads/2012/05/ae23_leticia_squeff.pdf},
  shorttitle = {As exposições gerais da Academia de Belas Artes},
  timestamp = {2017-03-13T02:09:37Z},
  langid = {brazil},
  number = {23},
  journaltitle = {Arte \& Ensaios},
  author = {Squeff, Letícia},
  urldate = {2017-03-11},
  date = {2011-11},
  pages = {125--133}
}

@online{almanaqueurupes:2013arquiteto,
  title = {Arquiteto Lança Livro “{{Conhecendo Taubaté}}, Uma Análise Urbana”},
  url = {http://www.almanaqueurupes.com.br/portal/noticias/arquiteto-lanca-livro-conhecendo-taubate-uma-analise-urbana/},
  timestamp = {2017-03-13T02:11:45Z},
  journaltitle = {Almanaque Taubaté},
  author = {{Almanaque Urupês}},
  urldate = {2017-03-13},
  date = {2013-09-09},
  file = {Snapshot:/Volumes/Home/palazzo/Documents/Pesquisa/Zotero/storage/F8BPKRZP/arquiteto-lanca-livro-conhecendo-taubate-uma-analise-urbana.html:text/html}
}

@article{carvalho:2008paisagem,
  title = {A Paisagem em Pedro Weingärtner (1853–1929): algumas hipóteses de trabalho},
  volume = {III},
  url = {http://www.dezenovevinte.net/artistas/pw_amac_paisagem.htm},
  shorttitle = {A Paisagem em Pedro Weingärtner},
  timestamp = {2017-03-13T02:34:56Z},
  langid = {brazil},
  number = {3},
  journaltitle = {Dezenove \& Vinte},
  author = {de Carvalho, Ana Maria Albani},
  urldate = {2017-03-13},
  date = {2008-07},
  file = {19&20 - A Paisagem em Pedro Weingärtner (1853 - 1929)\: algumas hipóteses de trabalho, por Ana Maria Albani de Carvalho:/Volumes/Home/palazzo/Documents/Pesquisa/Zotero/storage/8HNUZVZR/pw_amac_paisagem.html:text/html}
}


